
@book{rodgersCG,
	author={Роджерс~Д.},
	title={Алгоритмические основы машинной графики},
	note={Пер. с англ.},
	publisher={Москва-Мир},
	year={1989},
	pages={512}
}

% про Z-буфер
@book{shikinStCG,
	author={Шикин~Е.~В., Боресков~А.~В., Зайцев~А.~А.},
	title={Начала компьютерной графики},
	publisher={ДИАЛОГ-МИФИ},
	year={1993},
	pages={138},
	isbn={5-86404-035-5}
}



%-----

% преобразование
@book{rodgersMAT,
	author={Роджерс~Д., Адамс~Дж.},
	title={Математические основы машинной графики},
	note={Пер. с англ.},
	publisher={Москва-Мир},
	year={2001},
	pages={604}
}

@book{boreskovOsnovy,
	author    = {Боресков, А. В. and Шикин, Е. В.},
	title     = {Основы компьютерной графики : учебник и практикум для вузов},
	publisher = {Издательство Юрайт},
	year      = {2024},
	address   = {Москва},
	pages     = {219},
	note      = {Текст : непосредственный.},
	isbn      = {978-5-534-13196-3},
	series    = {Высшее образование}
}

% Пересечение луча со сферой
% ОСНОВЫ МЕТОДА ТРАССИРОВКИ ЛУЧЕЙ
@book{shikinDinamica,
	author    = {Шикин, Е. В. and Боресков, А. В.},
	title     = {Компьютерная графика. Динамика, реалистические изображения},
	publisher = {ДИАЛОГ-МИФИ},
	year      = {1996},
	address   = {Москва},
	pages     = {288},
	isbn      = {5-86404-061-4}
}

% свет и цвет
@book{shikin2001,
	author    = {Шикин, А. В. and Боресков, А. В.},
	title     = {Компьютерная графика. Полигональные модели},
	publisher = {ДИАЛОГ-МИФИ},
	year      = {2001},
	address   = {Москва},
	pages     = {464},
	isbn      = {5-86404-139-4}
}

% Представление пространственных форм
@book{deymin2011,
	author    = {Дёмин, А. Ю.},
	title     = {Основы компьютерной графики: учебное пособие},
	publisher = {Изд-во Томского политехнического университета},
	year      = {2011},
	address   = {Томск},
	pages     = {191},
	note      = {Томский политехнический университет}
}

% ++++ Трехмерная компьютерная графика. Иванов В. П., Батраков А.С..pdf

@misc{matplotlib-lib,
	title="Matplotlib 3.9.2 documentation [Электронный ресурс]",
	howpublished="Режим доступа: \url{https://matplotlib.org/stable/index.html}",
	note="(дата обращения: 30.09.2024)"
}



